
@book{tietze_halbleiter-schaltungstechnik_2019,
	title = {Halbleiter-Schaltungstechnik},
	isbn = {3-662-48553-2},
	url = {https://www.ebook.de/de/product/37063433/ulrich_tietze_christoph_schenk_eberhard_gamm_halbleiter_schaltungstechnik.html},
	publisher = {Springer-Verlag {GmbH}},
	author = {Tietze, Ulrich and Schenk, Christoph and Gamm, Eberhard},
	date = {2019-07-05},
}

@book{kuchling_taschenbuch_2014,
	title = {Taschenbuch der Physik},
	isbn = {978-3-446-44218-4},
	url = {https://www.ebook.de/de/product/23173597/horst_kuchling_taschenbuch_der_physik.html},
	pagetotal = {711},
	publisher = {Hanser Fachbuchverlag},
	author = {Kuchling, Horst},
	date = {2014-10-08},
}

@book{demtroder_experimentalphysik_2014,
	title = {Experimentalphysik 2},
	isbn = {978-3-642-29944-5},
	url = {https://www.ebook.de/de/product/22876029/wolfgang_demtroeder_experimentalphysik_2.html},
	pagetotal = {482},
	publisher = {Springer-Verlag {GmbH}},
	author = {Demtröder, Wolfgang},
	date = {2014-07-08},
}

@book{noauthor_users_2003,
	title = {Users Manual: 175, 177, 179 True-rms Multimeters},
	url = {https://dam-assets.fluke.com/s3fs-public/175_____umeng0200.pdf},
	publisher = {Fluke Corporation},
	urldate = {2022-04-24},
	date = {2003},
	langid = {english},
}

@book{wolfgang_kessel_isobipm-gum_2004,
	title = {Die {ISO}/{BIPM}-{GUM} Sicht:Schätzwert \& Messunsicherheit},
	author = {Wolfgang Kessel, Braunschweig},
	date = {2004},
}

@online{noauthor_radioactive_2022,
	title = {The radioactive series of radium-226},
	url = {https://www.ld-didactic.de/software/524221en/Content/Appendix/Ra226Series.htm},
	date = {2022-11-20},
	note = {Publisher: {LD}-Didactic},
}

@misc{dorsey_1927_2009,
	title = {1927: {NBS} gold leaf electroscope},
	url = {https://www.nist.gov/pml/marie-curie-and-nbs-radium-standards/1927-nbs-gold-leaf-electroscope},
	publisher = {{NIST}},
	author = {Dorsey, Noah},
	urldate = {2022-11-25},
	date = {2009-08-13},
	note = {Version Number: June 2, 2021},
}

@misc{herbert_leistungsmessung_nodate,
	title = {Leistungsmessung im Wechsel- und Drehstromnetz},
	publisher = {Institut für Experimentalphysik und Institut für Materialphysik},
	author = {Herbert, Reingruber and Nachtnebel, Manfred},
	note = {Place: Petersgasse 16, A-8010 Graz},
}

@book{meschede_gerthsen_2015,
	title = {Gerthsen Physik},
	isbn = {978-3-662-45976-8},
	pagetotal = {1052},
	publisher = {Spektrum Akademischer Verlag {GmbH}},
	author = {Meschede, Dieter},
	date = {2015},
}

@misc{noauthor_gebrauchsanweisung_nodate,
	title = {Gebrauchsanweisung 559 01: Fensterzählrohr für α-, β-, γ- {undRöntgenstrahlen} (559 01)},
	publisher = {Leybold Didactic {GmbH}},
}

@misc{noauthor_radioaktivitat_nodate,
	title = {Radioaktivität - Fortführung},
	url = {https://www.leifiphysik.de/kern-teilchenphysik/radioaktivitaet-fortfuehrung/versuche/weitere-gammaspektren},
	publisher = {Joachim Herz Stiftung},
	urldate = {2022-11-26},
	note = {Place: 22419 Hamburg},
}
